@article{article,
author = {Cui, Xiao and Shi, Hao},
year = {2010},
month = {11},
pages = {},
title = {A*-based Pathfinding in Modern Computer Games},
volume = {11}
}