%% LaTeX2e file `main.bib'
%% generated by the `filecontents' environment
%% from source `main' on 2024/12/02.
%%
    @article{article,
    author = {Cui, Xiao and Shi, Hao},
    year = {2010},
    month = {11},
    pages = {},
    title = {A*-based Pathfinding in Modern Computer Games},
    volume = {11}
    }
